@article{Alquier2021,
  author       = {Pierre Alquier},
  title        = {User-friendly introduction to {PAC-B}ayes bounds},
  journal      = {CoRR},
  volume       = {abs/2110.11216},
  year         = {2021},
}

@inproceedings{AmbroladzeHernandezShaweTaylor2006,
  author       = {Amiran Ambroladze and
                  Emilio Parrado{-}Hern{\'{a}}ndez and
                  John Shawe{-}Taylor},
  title        = {Tighter {PAC-B}ayes Bounds},
  booktitle    = {Advances in Neural Information Processing Systems ({NIPS})},
  pages        = {9--16},
  publisher    = {{MIT} Press},
  year         = {2006},
}

@inproceedings{amit2022integral,
  author    = {Ron Amit and
               Baruch Epstein and
               Shay Moran and
               Ron Meir},
  title     = {{Integral Probability Metrics PAC-Bayes Bounds}},
  booktitle = {Advances in Neural Information Processing Systems (NeurIPS)},
  year      = {2022},
}

@inproceedings{BeginGermainLavioletteRoy2014,
  author       = {Luc B{\'{e}}gin and
                  Pascal Germain and
                  Fran{\c{c}}ois Laviolette and
                  Jean{-}Francis Roy},
  title        = {{PAC-B}ayesian Theory for Transductive Learning},
  booktitle    = {International Conference on Artificial Intelligence and Statistics ({AISTATS})},
  series       = {{JMLR} Workshop and Conference Proceedings},
  volume       = {33},
  pages        = {105--113},
  publisher    = {JMLR.org},
  year         = {2014},
}

@inproceedings{BeginGermainLavioletteRoy2016,
  author       = {Luc B{\'{e}}gin and
                  Pascal Germain and
                  Fran{\c{c}}ois Laviolette and
                  Jean{-}Francis Roy},
  title        = {{PAC}-{B}ayesian Bounds based on the {R}{\'{e}}nyi Divergence},
  booktitle    = {International Conference on Artificial Intelligence and Statistics ({AISTATS})},
  series       = {{JMLR} Workshop and Conference Proceedings},
  volume       = {51},
  pages        = {435--444},
  publisher    = {JMLR.org},
  year         = {2016},
}

@article{BiggsGuedj2021,
  author       = {Felix Biggs and
                  Benjamin Guedj},
  title        = {Differentiable {PAC-B}ayes Objectives with Partially Aggregated Neural Networks},
  journal      = {Entropy},
  volume       = {23},
  number       = {10},
  pages        = {1280},
  year         = {2021},
}

@inproceedings{BiggsGuedj2022,
  author       = {Felix Biggs and
                  Benjamin Guedj},
  title        = {On Margins and Derandomisation in {PAC-B}ayes},
  booktitle    = {International Conference on Artificial Intelligence and Statistics ({AISTATS})},
  series       = {Proceedings of Machine Learning Research},
  volume       = {151},
  pages        = {3709--3731},
  publisher    = {{PMLR}},
  year         = {2022},
}

@inproceedings{BlanchardFleuret2007,
  author       = {Gilles Blanchard and
                  Fran{\c{c}}ois Fleuret},
  title        = {Occam's Hammer},
  booktitle    = {Annual Conference on Learning Theory ({COLT})},
  series       = {Lecture Notes in Computer Science},
  volume       = {4539},
  pages        = {112--126},
  publisher    = {Springer},
  year         = {2007},
}

@article{BousquetElisseeff2002,
  author       = {Olivier Bousquet and
                  Andr{\'{e}} Elisseeff},
  title        = {Stability and Generalization},
  journal      = {Journal of Machine Learning Research},
  volume       = {2},
  pages        = {499--526},
  year         = {2002},
}

@article{Catoni2007,
  author       = {Olivier Catoni},
  title        = {{PAC-B}ayesian Supervised Classification: {T}he Thermodynamics of Statistical Learning},
  journal      = {CoRR},
  volume       = {abs/0712.0248},
  year         = {2007},
}

@inproceedings{DziugaiteRoy2017,
  author       = {Gintare Karolina Dziugaite and
                  Daniel Roy},
  title        = {Computing Nonvacuous Generalization Bounds for Deep (Stochastic) Neural Networks with Many More Parameters than Training Data},
  booktitle    = {Conference on Uncertainty in Artificial Intelligence ({UAI})},
  publisher    = {{AUAI} Press},
  year         = {2017},
}

@inproceedings{DziugaiteRoy2018,
  author       = {Gintare Karolina Dziugaite and
                  Daniel Roy},
  title        = {Data-dependent {PAC-B}ayes priors via differential privacy},
  booktitle    = {Advances in Neural Information Processing Systems ({NeurIPS})},
  pages        = {8440--8450},
  year         = {2018},
}

@article{EspositoGastparIssa2020,
  author       = {Amedeo Roberto Esposito and
                  Michael Gastpar and
                  Ibrahim Issa},
  title        = {Robust Generalization via $\alpha$-Mutual Information},
  journal      = {CoRR},
  volume       = {abs/2001.06399},
  year         = {2020},
}

@inproceedings{Freund1998,
  author       = {Yoav Freund},
  title        = {Self Bounding Learning Algorithms},
  booktitle    = {Annual Conference on Computational Learning Theory ({COLT})},
  pages        = {247--258},
  publisher    = {{ACM}},
  year         = {1998},
}

@article{GermainHabrardLavioletteMorvant2020,
  author       = {Pascal Germain and
                  Amaury Habrard and
                  Fran{\c{c}}ois Laviolette and
                  Emilie Morvant},
  title        = {{PAC-B}ayes and domain adaptation},
  journal      = {Neurocomputing},
  volume       = {379},
  pages        = {379--397},
  year         = {2020},
}

@inproceedings{GermainLacasseLavioletteMarchand2009,
  author       = {Pascal Germain and
                  Alexandre Lacasse and
                  Fran{\c{c}}ois Laviolette and
                  Mario Marchand},
  title        = {{PAC-B}ayesian Learning of Linear Classifiers},
  booktitle    = {Annual International Conference on Machine Learning ({ICML})},
  volume       = {382},
  pages        = {353--360},
  publisher    = {{ACM}},
  year         = {2009},
}

@article{GilAlajajiLinder2013,
  author       = {Manuel Gil and
                  Fady Alajaji and
                  Tam{\'{a}}s Linder},
  title        = {R{\'{e}}nyi divergence measures for commonly used univariate continuous distributions},
  journal      = {Information Sciences},
  volume       = {249},
  pages        = {124--131},
  year         = {2013},
}

@inproceedings{GlorotBengio2010,
  author       = {Xavier Glorot and
                  Yoshua Bengio},
  title        = {Understanding the difficulty of training deep feedforward neural networks},
  booktitle    = {International Conference on Artificial Intelligence and Statistics ({AISTATS})},
  series       = {{JMLR} Proceedings},
  volume       = {9},
  pages        = {249--256},
  publisher    = {JMLR.org},
  year         = {2010},
}

@book{GoodfellowBengioCourville2016,
  author       = {Ian Goodfellow and
                  Yoshua Bengio and
                  Aaron Courville},
  title        = {Deep Learning},
  series       = {Adaptive computation and machine learning},
  publisher    = {{MIT} Press},
  year         = {2016},
}

@article{Guedj2019,
  author       = {Benjamin Guedj},
  title        = {A Primer on {PAC-B}ayesian Learning},
  journal      = {CoRR},
  volume       = {abs/1901.05353},
  year         = {2019},
}

@inproceedings{HardtRechtSinger2016,
  author       = {Moritz Hardt and
                  Ben Recht and
                  Yoram Singer},
  title        = {Train faster, generalize better: {S}tability of stochastic gradient descent},
  booktitle    = {International Conference on Machine Learning ({ICML})},
  series       = {{JMLR} Workshop and Conference Proceedings},
  volume       = {48},
  pages        = {1225--1234},
  publisher    = {JMLR.org},
  year         = {2016},
}

@inproceedings{HeZhangRenSun2015,
  author       = {Kaiming He and
                  Xiangyu Zhang and
                  Shaoqing Ren and
                  Jian Sun},
  title        = {Delving Deep into Rectifiers: {S}urpassing Human-Level Performance on {ImageNet} Classification},
  booktitle    = {{IEEE} International Conference on Computer Vision ({ICCV})},
  pages        = {1026--1034},
  publisher    = {{IEEE} Computer Society},
  year         = {2015},
}

@inproceedings{HeZhangRenSun2016,
  author       = {Kaiming He and
                  Xiangyu Zhang and
                  Shaoqing Ren and
                  Jian Sun},
  title        = {Deep Residual Learning for Image Recognition},
  booktitle    = {{IEEE} Conference on Computer Vision and Pattern Recognition ({CVPR})},
  pages        = {770--778},
  publisher    = {{IEEE} Computer Society},
  year         = {2016},
}

@inproceedings{KingmaBa2015,
  author       = {Diederik Kingma and
                  Jimmy Ba},
  title        = {Adam: {A} Method for Stochastic Optimization},
  booktitle    = {International Conference on Learning Representations ({ICLR})},
  year         = {2015},
}

@mastersthesis{Krizhevsky2009,
  author       = {Alex Krizhevsky},
  title        = {Learning Multiple Layers of Features from Tiny Images},
  school       = {University of Toronto},
  year         = {2009},
}

@inproceedings{LangfordCaruana2001,
  author       = {John Langford and
                  Rich Caruana},
  title        = {({N}ot) Bounding the True Error},
  booktitle    = {Advances in Neural Information Processing Systems ({NIPS})},
  pages        = {809--816},
  publisher    = {{MIT} Press},
  year         = {2001},
}

@inproceedings{LangfordShaweTaylor2002,
  author       = {John Langford and
                  John Shawe{-}Taylor},
  title        = {{PAC-B}ayes {\&} Margins},
  booktitle    = {Advances in Neural Information Processing Systems ({NIPS})},
  pages        = {423--430},
  publisher    = {{MIT} Press},
  year         = {2002},
}

@misc{LeCunCortesBurges1998,
  author       = {Yann LeCun and
                  Corinna Cortes and
                  Christopher Burges},
  title        = {THE {MNIST} DATASET of handwritten digits},
  url          = {http://yann.lecun.com/exdb/mnist/},
  year         = {1998},
}

@inproceedings{LetarteGermainGuedjLaviolette2019,
  author       = {Ga{\"{e}}l Letarte and
                  Pascal Germain and
                  Benjamin Guedj and
                  Fran{\c{c}}ois Laviolette},
  title        = {Dichotomize and Generalize: {PAC-B}ayesian Binary Activated Deep Neural Networks},
  booktitle    = {Advances in Neural Information Processing Systems ({NeurIPS})},
  pages        = {6869--6879},
  year         = {2019},
}

@article{LeverLavioletteShaweTaylor2013,
  author       = {Guy Lever and
                  Fran{\c{c}}ois Laviolette and
                  John Shawe{-}Taylor},
  title        = {Tighter {PAC-B}ayes bounds through distribution-dependent priors},
  journal      = {Theoretical Computer Science},
  volume       = {473},
  pages        = {4--28},
  year         = {2013},
}

@article{Maurer2004,
  author       = {Andreas Maurer},
  title        = {A note on the {PAC} {B}ayesian Theorem},
  journal      = {CoRR},
  volume       = {cs.LG/0411099},
  year         = {2004},
}

@inproceedings{McAllester1998,
  author       = {David McAllester},
  title        = {Some {PAC-B}ayesian Theorems},
  booktitle    = {Annual Conference on Computational Learning Theory ({COLT})},
  pages        = {230--234},
  publisher    = {{ACM}},
  year         = {1998},
}

@inproceedings{NagarajanKolter2019,
  author       = {Vaishnavh Nagarajan and
                  Zico Kolter},
  title        = {Deterministic {PAC-B}ayesian generalization bounds for deep networks via generalizing noise-resilience},
  booktitle    = {International Conference on Learning Representations ({ICLR})},
  publisher    = {OpenReview.net},
  year         = {2019},
}

@inproceedings{NagarajanKolter2019b,
  author       = {Vaishnavh Nagarajan and
                  Zico Kolter},
  title        = {Uniform convergence may be unable to explain generalization in deep learning},
  booktitle    = {Advances in Neural Information Processing Systems ({NeurIPS})},
  pages        = {11611--11622},
  year         = {2019},
}

@inproceedings{NeyshaburBhojanapalliSrebro2018,
  author       = {Behnam Neyshabur and
                  Srinadh Bhojanapalli and
                  Nathan Srebro},
  title        = {A {PAC-B}ayesian Approach to Spectrally-Normalized Margin Bounds for Neural Networks},
  booktitle    = {International Conference on Learning Representations ({ICLR})},
  publisher    = {OpenReview.net},
  year         = {2018},
}

@inproceedings{Pytorch2019,
  author       = {Adam Paszke and
                  Sam Gross and
                  Francisco Massa and
                  Adam Lerer and
                  James Bradbury and
                  Gregory Chanan and
                  Trevor Killeen and
                  Zeming Lin and
                  Natalia Gimelshein and
                  Luca Antiga and
                  Alban Desmaison and
                  Andreas K{\"{o}}pf and
                  Edward Yang and
                  Zachary DeVito and
                  Martin Raison and
                  Alykhan Tejani and
                  Sasank Chilamkurthy and
                  Benoit Steiner and
                  Lu Fang and
                  Junjie Bai and
                  Soumith Chintala},
  title        = {{PyTorch}: {A}n Imperative Style, High-Performance Deep Learning Library},
  booktitle    = {Advances in Neural Information Processing Systems ({NeurIPS})},
  pages        = {8024--8035},
  year         = {2019},
}

@article{PerezOrtizRivasplataShaweTaylorSzepesvari2020,
  author       = {Mar{\'{\i}}a P{\'{e}}rez{-}Ortiz and
                  Omar Rivasplata and
                  John Shawe{-}Taylor and
                  Csaba Szepesv{\'{a}}ri},
  title        = {Tighter Risk Certificates for Neural Networks},
  journal      = {Journal of Machine Learning Research},
  volume       = {22},
  pages        = {227:1--227:40},
  year         = {2021},
}

@inproceedings{ReebDoerrGerwinnRakitsch2018,
  author       = {David Reeb and
                  Andreas Doerr and
                  Sebastian Gerwinn and
                  Barbara Rakitsch},
  title        = {Learning Gaussian Processes by Minimizing {PAC-B}ayesian Generalization Bounds},
  booktitle    = {Advances in Neural Information Processing Systems ({NeurIPS})},
  pages        = {3341--3351},
  year         = {2018},
}

@inproceedings{RivasplataKuzborskijSzepesvariShaweTaylor2020,
  author       = {Omar Rivasplata and
                  Ilja Kuzborskij and
                  Csaba Szepesv{\'{a}}ri and
                  John Shawe{-}Taylor},
  title        = {{PAC-B}ayes Analysis Beyond the Usual Bounds},
  booktitle    = {Advances in Neural Information Processing Systems ({NeurIPS})},
  year         = {2020},
}

@article{Seeger2002,
  author       = {Matthias Seeger},
  title        = {{PAC-B}ayesian Generalisation Error Bounds for Gaussian Process Classification},
  journal      = {Journal of Machine Learning Research},
  volume       = {3},
  pages        = {233--269},
  year         = {2002},
}

@book{ShalevShwartzBenDavid2014,
  author       = {Shai Shalev{-}Shwartz and
                  Shai Ben{-}David},
  title        = {Understanding Machine Learning - From Theory to Algorithms},
  publisher    = {Cambridge University Press},
  year         = {2014},
}

@inproceedings{ShaweTaylorWilliamson1997,
  author       = {John Shawe{-}Taylor and
                  Robert Williamson},
  title        = {A {PAC} Analysis of a Bayesian Estimator},
  booktitle    = {Annual Conference on Computational Learning Theory ({COLT})},
  pages        = {2--9},
  publisher    = {{ACM}},
  year         = {1997},
}

@inproceedings{SpringenbergDosovitskiyBroxRiedmiller2014,
  author       = {Jost Tobias Springenberg and
                  Alexey Dosovitskiy and
                  Thomas Brox and
                  Martin Riedmiller},
  title        = {Striving for Simplicity: {T}he All Convolutional Net},
  booktitle    = {International Conference on Learning Representations ({ICLR})},
  year         = {2015},
}

@inproceedings{ThiemannIgelWintenbergerSeldin2017,
  author       = {Niklas Thiemann and
                  Christian Igel and
                  Olivier Wintenberger and
                  Yevgeny Seldin},
  title        = {A Strongly Quasiconvex {PAC-B}ayesian Bound},
  booktitle    = {International Conference on Algorithmic Learning Theory ({ALT})},
  series       = {Proceedings of Machine Learning Research},
  volume       = {76},
  pages        = {466--492},
  publisher    = {{PMLR}},
  year         = {2017},
}

@article{Valiant1984,
  author       = {Leslie Valiant},
  title        = {A Theory of the Learnable},
  journal      = {Communications of the ACM},
  volume       = {27},
  number       = {11},
  pages        = {1134--1142},
  year         = {1984},
}

@article{VanErvenHarremos2014,
  author       = {Tim van Erven and
                  Peter Harremo{\"{e}}s},
  title        = {{Rényi} Divergence and {Kullback-Leibler} Divergence}, 
  journal      = {{IEEE} Transactions on Information Theory},
  volume       = {60},
  number       = {7},
  pages        = {3797--3820},
  year         = {2014},
}

@book{Vapnik2000,
  author       = {Vladimir Vapnik},
  title        = {The Nature of Statistical Learning Theory},
  series       = {Statistics for Engineering and Information Science},
  publisher    = {Springer},
  year         = {2000},
}

@inproceedings{ViallardVidotHabrardMorvant2021,
  author       = {Paul Viallard and
                  Guillaume Vidot and
                  Amaury Habrard and
                  Emilie Morvant},
  title        = {A {PAC-B}ayes Analysis of Adversarial Robustness},
  booktitle    = {Advances in Neural Information Processing Systems ({NeurIPS})},
  pages        = {14421--14433},
  year         = {2021},
}

@inproceedings{Verdu2015,
  author       = {Sergio Verd{\'{u}}},
  title        = {{\(\alpha\)}-mutual information},
  booktitle    = {Information Theory and Applications Workshop ({ITA})},
  pages        = {1--6},
  publisher    = {{IEEE}},
  year         = {2015},
}

@article{XiaoRasulVollgraf2017,
  author       = {Han Xiao and
                  Kashif Rasul and
                  Roland Vollgraf},
  title        = {{F}ashion-{MNIST}: a Novel Image Dataset for Benchmarking Machine Learning Algorithms},
  journal      = {CoRR},
  volume       = {abs/1708.07747},
  year         = {2017},
}

@article{XuMannor2012,
  author       = {Huan Xu and
                  Shie Mannor},
  title        = {Robustness and generalization},
  journal      = {Machine Learning},
  volume       = {86},
  number       = {3},
  pages        = {391--423},
  year         = {2012},
}

@inproceedings{ZantedeschiViallardMorvantEmonetHabrardGermainGuedj2021,
  author       = {Valentina Zantedeschi and
                  Paul Viallard and
                  Emilie Morvant and
                  R{\'{e}}mi Emonet and
                  Amaury Habrard and
                  Pascal Germain and
                  Benjamin Guedj},
  title        = {Learning Stochastic Majority Votes by Minimizing a {PAC-B}ayes Generalization Bound},
  booktitle    = {Advances in Neural Information Processing Systems ({NeurIPS})},
  pages        = {455--467},
  year         = {2021},
}

@inproceedings{ZhouVeitchAusternAdamsOrbanz2019,
  author       = {Wenda Zhou and
                  Victor Veitch and
                  Morgane Austern and
                  Ryan Adams and
                  Peter Orbanz},
  title        = {Non-vacuous Generalization Bounds at the {I}mage{N}et Scale: a {PAC-B}ayesian Compression Approach},
  booktitle    = {International Conference on Learning Representations ({ICLR})},
  publisher    = {OpenReview.net},
  year         = {2019},
}