@inproceedings{arjovsky2017wasserstein,
  author    = {Martin Arjovsky and
               Soumith Chintala and
               L{\'e}on Bottou},
  title     = {{Wasserstein Generative Adversarial Networks}},
  booktitle = {International Conference on Machine Learning  (ICML)},
  year      = {2017},
}

@inproceedings{amit2022integral,
  author    = {Ron Amit and
               Baruch Epstein and
               Shay Moran and
               Ron Meir},
  title     = {{Integral Probability Metrics PAC-Bayes Bounds}},
  booktitle = {Advances in Neural Information Processing Systems (NeurIPS)},
  year      = {2022},
}

@article{alquier2018simpler,
  author    = {Pierre Alquier and
               Benjamin Guedj},
  title     = {{Simpler PAC-Bayesian bounds for hostile data}},
  journal   = {Machine Learning},
  volume    = {107},
  number    = {5},
  year      = {2018},
}

@inproceedings{amit2018meta,
  author    = {Ron Amit and
               Ron Meir},
  title     = {{Meta-Learning by Adjusting Priors Based on Extended PAC-Bayes Theory}},
  booktitle = {International Conference on Machine Learning (ICML)},
  year      = {2018},
}

@article{alquier2016properties,
  author    = {Pierre Alquier and
               James Ridgway and
               Nicolas Chopin},
  title     = {{On the properties of variational approximations of {G}ibbs posteriors}},
  journal   = {Journal of Machine Learning Research},
  year      = {2016},
}

@article{biggs2020differentiable,
  author    = {Felix Biggs and
               Benjamin Guedj},
  title     = {{Differentiable PAC-Bayes Objectives with Partially Aggregated Neural Networks}},
  journal   = {Entropy},
  volume    = {23},
  number    = {10},
  year      = {2021},
}

@inproceedings{biggs2022vacuous,
  author    = {Felix Biggs and
               Benjamin Guedj},
  title     = {{Non-Vacuous Generalisation Bounds for Shallow Neural Networks}},
  booktitle = {International Conference on Machine Learning (ICML)},
  year      = {2022},
}

@inproceedings{biggs2021margins,
  author    = {Felix Biggs and
               Benjamin Guedj},
  title     = {{On Margins and Derandomisation in PAC-Bayes}},
  booktitle = {International Conference on Artificial Intelligence and Statistics (AISTATS)},
  year      = {2022},
}

@inproceedings{biggs2022tighter,
  author    = {Felix Biggs and
               Benjamin Guedj},
  title     = {{Tighter PAC-Bayes Generalisation Bounds by Leveraging Example Difficulty}},
  booktitle = {International Conference on Artificial Intelligence and Statistics (AISTATS)},
  year      = {2023},
}

@inproceedings{bartlett2001rademacher,
  author    = {Peter Bartlett and
               Shahar Mendelson},
  title     = {{Rademacher and Gaussian Complexities: Risk Bounds and Structural Results}},
  booktitle = {Conference on Computational Learning Theory ({COLT})},
  year      = {2001},
}

@article{bartlett2002rademacher,
  author    = {Peter Bartlett and
               Shahar Mendelson},
  title     = {{Rademacher and Gaussian Complexities: Risk Bounds and Structural Results}},
  journal   = {Journal of Machine Learning Research},
  year      = {2002},
}

@article{bercu2008exponential,
  author    = {Bernard Bercu and
               Abderrahmen Touati},
  title     = {{Exponential inequalities for self-normalized martingales with applications}},
  journal   = {The Annals of Applied Probability},
  year      = {2008},
}

@book{boyd2004convex,
  author    = {Stephen Boyd and
               Lieven Vandenberghe},
  title     = {{Convex optimization}},
  publisher = {Cambridge University Press},
  year      = {2004},
}

@inproceedings{biggs2022margins,
  author    = {Felix Biggs and
               Valentina Zantedeschi and
               Benjamin Guedj},
  title     = {{On Margins and Generalisation for Voting Classifiers}},
  booktitle = {Advances in Neural Information Processing Systems (NeurIPS)},
  year      = {2022},
}

@inproceedings{cherief2021pac,
  author    = {Badr{-}Eddine Ch{\'{e}}rief{-}Abdellatif and
               Yuyang Shi and
               Arnaud Doucet and
               Benjamin Guedj},
  title     = {{On PAC-Bayesian reconstruction guarantees for VAEs}},
  booktitle = {International Conference on Artificial Intelligence and Statistics (AISTATS)},
  year      = {2022},
}

@book{catoni2007pac,
  author    = {Olivier Catoni},
  title     = {{PAC-Bayesian supervised classification: the thermodynamics of statistical learning}},
  publisher = {Institute of Mathematical Statistics},
  year      = {2007},
}

@article{catoni2016pac,
  author    = {Olivier Catoni},
  title     = {{PAC-Bayesian bounds for the Gram matrix and least squares regression with a random design}},
  journal   = {arXiv},
  volume    = {abs/1603.05229},
  year      = {2016},
}

@inproceedings{camuto2021fractal,
  author    = {Alexander Camuto and
               George Deligiannidis and
               Murat A. Erdogdu and
               Mert G{\"{u}}rb{\"{u}}zbalaban and
               Umut {\c{S}}im{\c{s}}ekli and
               Lingjiong Zhu},
  title     = {{Fractal Structure and Generalization Properties of Stochastic Optimization Algorithms}},
  booktitle = {Advances in Neural Information Processing Systems (NeurIPS)},
  year      = {2021},
}

@article{catoni2017dimension,
  author    = {Olivier Catoni and
               Ilaria Giulini},
  title     = {{Dimension-free PAC-Bayesian bounds for matrices, vectors, and linear least squares regression}},                
  journal   = {arXiv},
  volume    = {abs/1712.02747},
  year      = {2017},
}

@unpublished{chee2021learning,
  author    = {Andrew Chee and 
               S{\'e}bastien Loustau},
  title     = {{Learning with BOT - Bregman and Optimal Transport divergences}},
  year      = {2021},
  note      = {\ },
}

@article{csizar1975divergence,
  author    = {Imre Csiszár},
  title     = {{$I$-Divergence Geometry of Probability Distributions and Minimization Problems}},
  journal   = {The Annals of Probability},
  volume    = {3},
  number    = {1},
  year      = {1975},
}

@article{chugg2023unified,
  author    = {Ben Chugg and
               Hongjian Wang and
               Aaditya Ramdas},
  title     = {{A unified recipe for deriving (time-uniform) {PAC-B}ayes bounds}},
  journal   = {arXiv},
  volume    = {abs/2302.03421},
  year      = {2023},
}

@inproceedings{ding2021bridging,
  author    = {Nan Ding and
               Xi Chen and
               Tomer Levinboim and
               Sebastian Goodman and
               Radu Soricut},
  title     = {{Bridging the Gap Between Practice and {PAC-B}ayes Theory in Few-Shot Meta-Learning}},
  booktitle = {Advances in Neural Information Processing Systems (NeurIPS)},
  year      = {2021},
}

@misc{dua2017uci,
  author    = {Dheeru Dua and
                  Casey Graff},
  title     = {{{UCI} Machine Learning Repository}},
  year      = {2017},
}

@inproceedings{dziugaite2017computing,
  author    = {Gintare Karolina Dziugaite and
               Daniel Roy},
  title     = {{Computing Nonvacuous Generalization Bounds for Deep (Stochastic) Neural Networks with Many More Parameters than Training Data}},
  booktitle = {Conference on Uncertainty in Artificial Intelligence (UAI)},
  year      = {2017},
}

@article{donsker1976asymptotic,
  author    = {Monroe David Donsker and
               Srinivasa Varadhan},
  title     = {{Asymptotic evaluation of certain Markov process expectations for large time—{III}}},
  journal   = {Communications on Pure and Applied Mathematics},
  volume    = {29},
  number    = {4},
  year      = {1976},
}

@inproceedings{farid2021generalization,
  author    = {Alec Farid and
               Anirudha Majumdar},
  title     = {{Generalization Bounds for Meta-Learning via PAC-Bayes and Uniform
                Stability}},
  booktitle = {Advances in Neural Information Processing Systems (NeurIPS)},
  year      = {2021},
}

@inproceedings{fard2010pac,
  author    = {Mahdi Milani Fard and
               Joelle Pineau},
  title     = {{PAC-Bayesian Model Selection for Reinforcement Learning}},
  booktitle = {Advances in Neural Information Processing Systems (NIPS)},
  year      = {2010},
}

@article{flynn2022pac,
  author    = {Hamish Flynn and
               David Reeb and
               Melih Kandemir and
               Jan Peters},
  title     = {{PAC-Bayesian lifelong learning for multi-armed bandits}},
  journal   = {Data Mining and Knowledge Discovery},
  year      = {2022},
}

@inproceedings{rodriguez2021tighter,
  author    = {Borja Rodr{\'{i}}guez G{\'{a}}lvez and
               Germ{\'{a}}n Bassi and
               Ragnar Thobaben and
               Mikael Skoglund},
  title     = {{Tighter Expected Generalization Error Bounds via Wasserstein Distance}},
  booktitle = {Advances in Neural Information Processing Systems (NeurIPS)},
  year      = {2021},
}

@inproceedings{goyal2017pac,
  author    = {Anil Goyal and
               Emilie Morvant and
               Pascal Germain and
               Massih{-}Reza Amini},
  title     = {{PAC-Bayesian Analysis for a Two-Step Hierarchical Multiview Learning Approach}},
  booktitle = {Machine Learning and Knowledge Discovery in Databases - European Conference (ECML-PKDD)},
  year      = {2017},
}

@article{guedj2019primer,
  author    = {Benjamin Guedj},
  title     = {{A Primer on PAC-Bayesian Learning}},
  journal   = {arXiv},
  volume    = {abs/1901.05353},
  year      = {2019},
}

@inproceedings{haddouche2022online,
  author    = {Maxime Haddouche and
               Benjamin Guedj},
  title     = {{Online PAC-Bayes Learning}},
  booktitle = {Advances in Neural Information Processing Systems (NeurIPS)},
  year      = {2022},
}

@article{haddouche2023pac,
  author    = {Maxime Haddouche and
               Benjamin Guedj},
  title     = {{PAC-Bayes Generalisation Bounds for Heavy-Tailed Losses through Supermartingales}},
  journal   = {Transactions on Machine Learning Research},
  year      = {2023},
}

@article{haddouche2023wasserstein,
  author    = {Maxime Haddouche and
               Benjamin Guedj},
  title     = {{Wasserstein PAC-Bayes Learning: A Bridge Between Generalisation and Optimisation}}, 
  year      = {2023},
  journal   = {arXiv},
  volume    = {abs/2304.07048},
}

@article{haddouche2021pac,
  author    = {Maxime Haddouche and
               Benjamin Guedj and
               Omar Rivasplata and
               John Shawe{-}Taylor},
  title     = {{PAC-Bayes Unleashed: Generalisation Bounds with Unbounded Losses}},
  journal   = {Entropy},
  volume    = {23},
  number    = {10},
  year      = {2021},
}

@inproceedings{jang2023tighter,
  author    = {Kyoungseok Jang and
               Kwang{-}Sung Jun and
               Ilja Kuzborskij and
               Francesco Orabona},
  title     = {{Tighter PAC-Bayes Bounds Through Coin-Betting}},
  booktitle = {Conference on Learning Theory (COLT)},
  year      = {2023},
}

@article{kantorovich1960mathematical,
  author    = {Leonid Vitalievitch Kantorovitch},
  title     = {{Mathematical Methods of Organizing and Planning Production}},
  journal   = {Management Science},
  year      = {1960},
}

@inproceedings{kervadec2022constrained,
  author    = {Hoel Kervadec and
               Jose Dolz and 
               Jing Yuan and 
               Christian Desrosiers and
               Eric Granger and
               Ismail Ben Ayed},
  title     = {{Constrained deep networks: Lagrangian optimization via log-barrier extensions}},
  booktitle = {European Signal Processing Conference (EUSIPCO)},
  year      = {2022},
}

@inproceedings{koltchinskii2000rademacher,
  author    = {Vladimir Koltchinskii and
                  Dmitriy Panchenko},
  title     = {{Rademacher processes and bounding the risk of function learning}},
  booktitle = {High dimensional probability II},
  year      = {2000},
}

@misc{lecun1998mnist,
  author    = {Yann LeCun},
  title     = {{The MNIST database of handwritten digits}},
  year      = {1998},
}

@inproceedings{lotfi2022pac,
  author    = {Sanae Lotfi and
               Marc Finzi and
               Sanyam Kapoor and
               Andres Potapczynski and 
               Micah Goldblum and 
               Andrew Wilson},
  title     = {{PAC-Bayes Compression Bounds So Tight That They Can Explain Generalization}},
  booktitle = {Advances in Neural Information Processing Systems (NeurIPS)},
  year      = {2022},
 }

@inproceedings{letarte2019dichotomize,
  author    = {Ga{\"{e}}l Letarte and
               Pascal Germain and
               Benjamin Guedj and
               Fran{\c{c}}ois Laviolette},
  title     = {{Dichotomize and Generalize: PAC-Bayesian Binary Activated Deep Neural
                  Networks}},
  booktitle = {Advances in Neural Information Processing Systems (NeurIPS)},
  year      = {2019},
}

@inproceedings{lugosi2022generalization,
  author    = {G{\'{a}}bor Lugosi and
               Gergely Neu},
  title     = {{Generalization Bounds via Convex Analysis}},
  booktitle = {Conference on Learning Theory (COLT)},
  year      = {2022},
}

@InProceedings{lu2019optimal,
  author    = {Shiyin Lu and
               Guanghui Wang and
               Yao Hu and
               Lijun Zhang},
  title     = {{Optimal Algorithms for Lipschitz Bandits with Heavy-tailed Rewards}},
  booktitle = {International Conference on Machine Learning (ICML)},
  year      = {2019},
}

@article{liu2011multi,
  author    = {Keqin Liu and 
               Qing Zhao},
  title     = {{Multi-Armed Bandit Problems with Heavy Tail Reward Distributions}},
  journal   = {Allerton Conference on Communication, Control, and Computing},
  year      = {2011},
}

@article{maurer2004note,
  author    = {Andreas Maurer},
  title     = {{A note on the PAC-Bayesian theorem}},
  journal   = {arXiv},
  volume    = {cs/0411099},
  year      = {2004},
}

@inproceedings{mhammedi2019pac,
  author    = {Zakaria Mhammedi and
               Peter Gr{\"{u}}nwald and
               Benjamin Guedj},
  title     = {{PAC-Bayes Un-Expected Bernstein Inequality}},
  booktitle = {Advances in Neural Information Processing Systems (NeurIPS)},
  year      = {2019},
}

@inproceedings{mhammedi2020pac,
  author    = {Zakaria Mhammedi and
               Benjamin Guedj and
               Robert Williamson},
  title     = {{PAC-Bayesian Bound for the Conditional Value at Risk}},
  booktitle = {Advances in Neural Information Processing Systems (NeurIPS)},
  year      = {2020},
}

@article{monge1781memoire,
  author    = {Gaspard Monge},
  title     = {{M{\'e}moire sur la th{\'e}orie des d{\'e}blais et des remblais}},
  journal   = {Histoire de l’Académie Royale des Sciences de Paris},
  year      = {1781},
}

@article{muller1997integral,
  author    = {Alfred Müller},
  title     = {{Integral Probability Metrics and Their Generating Classes of Functions}},
  journal   = {Advances in Applied Probability},
  volume    = {29},
  number    = {2},
  year      = {1997},
}

@inproceedings{nozawa2019pac,
  author    = {Kento Nozawa and
               Pascal Germain and
               Benjamin Guedj},
  title     = {{PAC-Bayesian Contrastive Unsupervised Representation Learning}},
  booktitle = {Conference on Uncertainty in Artificial Intelligence (UAI)},
  year      = {2020},
}

@inproceedings{ohnishi2021novel,
  author    = {Yuki Ohnishi and
               Jean Honorio},
  title     = {{Novel Change of Measure Inequalities with Applications to PAC-Bayesian Bounds and Monte Carlo Estimation}},
  booktitle = {International Conference on Artificial Intelligence and Statistics (AISTATS)},
  year      = {2021},
}

@inproceedings{orabona2017training,
  author    = {Francesco Orabona and
               Tatiana Tommasi},
  title     = {{Training Deep Networks without Learning Rates Through Coin Betting}},
  booktitle = {Advances in Neural Information Processing Systems (NIPS)},
  year      = {2017},
}

@article{peyre2019computational,
  author    = {Gabriel Peyr{\'{e}} and
               Marco Cuturi},
  title     = {{Computational Optimal Transport}},
  journal   = {Foundations and Trends in Machine Learning},
  volume    = {11},
  number    = {5-6},
  year      = {2019},
}

@inproceedings{perez2021progress,
  author    = {Maria Perez-Ortiz and
               Omar Rivasplata and
               Emilio Parrado-Hernandez and 
               Benjamin Guedj and 
               John Shawe-Taylor},
  title     = {{Progress in Self-Certified Neural Networks}},
  booktitle = {{NeurIPS 2021 Workshop on Bayesian Deep Learning}},
  year      = {2021},
}

@article{perez2021tighter,
  author    = {Mar{\'{\i}}a P{\'{e}}rez{-}Ortiz and
               Omar Rivasplata and
               John Shawe{-}Taylor and
               Csaba Szepesv{\'{a}}ri},
  title     = {Tighter Risk Certificates for Neural Networks},
  journal   = {Journal of Machine Learning Research},
  volume    = {22},
  year      = {2021},
}

@article{picard2022change,
  author    = {Antoine Picard-Weibel and 
               Benjamin Guedj},
  title     = {{On change of measure inequalities for $f$-divergences}},
  journal   = {arXiv},
  volume    = {abs/2202.05568},
  year      = {2022},
}

@article{riou2023bayes,
  author    = {Charles Riou and
               Pierre Alquier and
               Badr-Eddine Ch{\'e}rief-Abdellatif},
  title     = {{Bayes meets Bernstein at the Meta Level: an Analysis of Fast Rates in Meta-Learning with PAC-Bayes}},
  journal   = {arXiv},
  volume    = {abs/2302.11709},
  year      = {2023},
}

@inproceedings{rothfuss2021pacoh,
  author    = {Jonas Rothfuss and
               Vincent Fortuin and
               Martin Josifoski and
               Andreas Krause},
  title     = {{PACOH: Bayes-optimal meta-learning with PAC-guarantees}},
  booktitle = {International Conference on Machine Learning (ICML)},
  year      = {2021},
}

@article{rothfuss2022pac,
  author    = {Jonas Rothfuss and
               Martin Josifoski and
               Vincent Fortuin and
               Andreas Krause},
  title     = {{PAC-Bayesian Meta-Learning: From Theory to Practice}},
  journal   = {arXiv},
  volume    = {abs/2211.07206},
  year      = {2022},
}

@article{russo2020how,
  author    = {Daniel Russo and
               James Zou},
  title     = {{How Much Does Your Data Exploration Overfit? Controlling Bias via Information Usage}},
  journal   = {{IEEE} Transactions on Information Theory},
  volume    = {66},
  number    = {1},
  year      = {2020},
}

@inproceedings{sakhi2022pac,
  author    = {Otmane Sakhi and
               Pierre Alquier and
               Nicolas Chopin},
  title     = {{PAC-Bayesian Offline Contextual Bandits With Guarantees}},
  booktitle = {International Conference on Machine Learning (ICML)},
  year      = {2023},
}

@article{seldin2011pac,
  author    = {Yevgeny Seldin and
               Fran{\c{c}}ois Laviolette and
               John Shawe-Taylor and
               Jan Peters and
               Peter Auer},
  title     = {{PAC-Bayesian Analysis of Martingales and Multiarmed Bandits}},
  journal   = {arXiv},
  volume    = {abs/1105.2416},
  year      = {2011},
}

@article{slivkins19intro,
  author    = {Aleksandrs Slivkins},
  title     = {{Introduction to Multi-Armed Bandits}},
  journal   = {Foundations and Trends in Machine Learning},
  year      = {2019},
}

@article{seldin2012pac,
  author    = {Yevgeny Seldin and
               Fran{\c{c}}ois Laviolette and
               Nicolò Cesa-Bianchi and
               John Shawe-Taylor and
               Peter Auer},
  title     = {{PAC-Bayesian Inequalities for Martingales}},
  journal   = {IEEE Transactions on Information Theory},
  volume    = {58},
  number    = {12},
  year      = {2012},
}

@inproceedings{vapnik1968uniform,
  author    = {Vladimir Vapnik and Alexey Chervonenkis},
  title     = {{On the uniform convergence of relative frequencies of events to their probabilities}},
  booktitle = {Doklady Akademii Nauk USSR},
  year      = {1968},
}

@misc{vapnik1974theory,
  author    = {Vladimir Vapnik and
               Alexey Chervonenkis},
  title     = {{Theory of pattern recognition}},
  year      = {1974},
  publisher = {Nauka, Moscow},
}

@book{villani2009optimal,
  author    = {C{\'e}dric Villani},
  title     = {{Optimal transport: old and new}},
  series    = {Grundlehren der mathematischen {Wissenschaften}},
  number    = {338},
  publisher = {Springer},
  year      = {2009},
}

@inproceedings{wang2019information,
  author    = {Hao Wang and
               Mario D{\'{i}}az and
               Jos{\'{e}} C{\^{a}}ndido Silveira Santos Filho and
               Fl{\'{a}}vio P. Calmon},
  title     = {{An Information-Theoretic View of Generalization via Wasserstein Distance}},
  booktitle = {{IEEE} International Symposium on Information Theory ({ISIT})},
  year      = {2019},
}

@inproceedings{xu2017information,
  author    = {Aolin Xu and
               Maxim Raginsky},
  title     = {{Information-theoretic analysis of generalization capability of learning algorithms}},
  booktitle = {Advances in Neural Information Processing Systems (NeurIPS)},
  year      = {2017},
}

@misc{xiao2017fashion,
  author    = {Han Xiao and
               Kashif Rasul and
               Roland Vollgraf},
  title     = {{Fashion-MNIST: a Novel Image Dataset for Benchmarking Machine Learning Algorithms}},
  year      = {2017},
}

@inproceedings{zinkevich2003online,
  author    = {Martin Zinkevich},
  title     = {{Online Convex Programming and Generalized Infinitesimal Gradient Ascent}},
  booktitle = {International Conference on Machine Learning (ICML)},
  year      = {2003},
}

@article{zhang2018optimal,
  author    = {Jingwei Zhang and
               Tongliang Liu and
               Dacheng Tao},
  title     = {{An Optimal Transport View on Generalization}},
  journal   = {arXiv},
  volume    = {abs/1811.03270},
  year      = {2018},
}

@inproceedings{zhuang2021regret,
  author    = {Vincent Zhuang and 
               Yanan Sui},
  title     = {{No-Regret Reinforcement Learning with Heavy-Tailed Rewards}},
  booktitle = {International Conference on Artificial Intelligence and Statistics (AISTATS)},
  year      = {2021},
}

@inproceedings{zantedeschi2021learning,
  author    = {Valentina Zantedeschi and
               Paul Viallard and
               Emilie Morvant and
               R\'{e}mi Emonet and
               Amaury Habrard and
               Pascal Germain and
               Benjamin Guedj},
  title     = {{Learning Stochastic Majority Votes by Minimizing a PAC-Bayes Generalization Bound}},
  booktitle = {Advances in Neural Information Processing Systems (NeurIPS)},
  year      = {2021},
}